%YAML 1.1
%TAG !u! tag:unity3d.com,2011:
--- !u!1 &2408967544714566830
GameObject:
  m_ObjectHideFlags: 0
  m_CorrespondingSourceObject: {fileID: 0}
  m_PrefabInstance: {fileID: 0}
  m_PrefabAsset: {fileID: 0}
  serializedVersion: 6
  m_Component:
  - component: {fileID: 2564142690817297844}
  - component: {fileID: 2304566772022380516}
  - component: {fileID: 9207315134817882065}
  - component: {fileID: 1460998790346949100}
  m_Layer: 11
  m_Name: Explosion 4
  m_TagString: Untagged
  m_Icon: {fileID: 0}
  m_NavMeshLayer: 0
  m_StaticEditorFlags: 0
  m_IsActive: 1
--- !u!4 &2564142690817297844
Transform:
  m_ObjectHideFlags: 0
  m_CorrespondingSourceObject: {fileID: 0}
  m_PrefabInstance: {fileID: 0}
  m_PrefabAsset: {fileID: 0}
  m_GameObject: {fileID: 2408967544714566830}
  m_LocalRotation: {x: 0, y: 0, z: 0, w: 1}
  m_LocalPosition: {x: 0, y: 0, z: 0}
  m_LocalScale: {x: 8, y: 8, z: 1}
  m_ConstrainProportionsScale: 0
  m_Children:
  - {fileID: 1883175232431437917}
  m_Father: {fileID: 0}
  m_RootOrder: 0
  m_LocalEulerAnglesHint: {x: 0, y: 0, z: 0}
--- !u!114 &2304566772022380516
MonoBehaviour:
  m_ObjectHideFlags: 0
  m_CorrespondingSourceObject: {fileID: 0}
  m_PrefabInstance: {fileID: 0}
  m_PrefabAsset: {fileID: 0}
  m_GameObject: {fileID: 2408967544714566830}
  m_Enabled: 1
  m_EditorHideFlags: 0
  m_Script: {fileID: 11500000, guid: 5764af94f1893454da410f7a0629bd9c, type: 3}
  m_Name: 
  m_EditorClassIdentifier: 
  trs: {fileID: 2564142690817297844}
  prefabIndex: 25
  damage: 1
  spriteRenderer: {fileID: 1883175231148446128}
  radius: 4
  animator: {fileID: 9207315134817882065}
  maxHits: 2147483647
  whatIDamage:
    serializedVersion: 2
    m_Bits: 192
  circleCollider: {fileID: 1883175231148446135}
--- !u!95 &9207315134817882065
Animator:
  serializedVersion: 5
  m_ObjectHideFlags: 0
  m_CorrespondingSourceObject: {fileID: 0}
  m_PrefabInstance: {fileID: 0}
  m_PrefabAsset: {fileID: 0}
  m_GameObject: {fileID: 2408967544714566830}
  m_Enabled: 1
  m_Avatar: {fileID: 0}
  m_Controller: {fileID: 9100000, guid: d93c481274d3e3c479751dd0fced9041, type: 2}
  m_CullingMode: 0
  m_UpdateMode: 0
  m_ApplyRootMotion: 0
  m_LinearVelocityBlending: 0
  m_StabilizeFeet: 0
  m_WarningMessage: 
  m_HasTransformHierarchy: 1
  m_AllowConstantClipSamplingOptimization: 1
  m_KeepAnimatorStateOnDisable: 0
--- !u!114 &1460998790346949100
MonoBehaviour:
  m_ObjectHideFlags: 0
  m_CorrespondingSourceObject: {fileID: 0}
  m_PrefabInstance: {fileID: 0}
  m_PrefabAsset: {fileID: 0}
  m_GameObject: {fileID: 2408967544714566830}
  m_Enabled: 1
  m_EditorHideFlags: 0
  m_Script: {fileID: 11500000, guid: a148605ea5f218d44b2f204a986b0804, type: 3}
  m_Name: 
  m_EditorClassIdentifier: 
  animator: {fileID: 9207315134817882065}
--- !u!1001 &6569725170967496645
PrefabInstance:
  m_ObjectHideFlags: 0
  serializedVersion: 2
  m_Modification:
    serializedVersion: 3
    m_TransformParent: {fileID: 2564142690817297844}
    m_Modifications:
    - target: {fileID: 4687750066769133462, guid: bb619332d36b2e54090b6a3f9658e1f8, type: 3}
      propertyPath: m_Name
      value: Enemy Poison Bullet 2
      objectReference: {fileID: 0}
    - target: {fileID: 4687750066769133464, guid: bb619332d36b2e54090b6a3f9658e1f8, type: 3}
      propertyPath: m_RootOrder
      value: 0
      objectReference: {fileID: 0}
    - target: {fileID: 4687750066769133464, guid: bb619332d36b2e54090b6a3f9658e1f8, type: 3}
      propertyPath: m_LocalPosition.x
      value: 0
      objectReference: {fileID: 0}
    - target: {fileID: 4687750066769133464, guid: bb619332d36b2e54090b6a3f9658e1f8, type: 3}
      propertyPath: m_LocalPosition.y
      value: 0
      objectReference: {fileID: 0}
    - target: {fileID: 4687750066769133464, guid: bb619332d36b2e54090b6a3f9658e1f8, type: 3}
      propertyPath: m_LocalPosition.z
      value: 0
      objectReference: {fileID: 0}
    - target: {fileID: 4687750066769133464, guid: bb619332d36b2e54090b6a3f9658e1f8, type: 3}
      propertyPath: m_LocalRotation.w
      value: 1
      objectReference: {fileID: 0}
    - target: {fileID: 4687750066769133464, guid: bb619332d36b2e54090b6a3f9658e1f8, type: 3}
      propertyPath: m_LocalRotation.x
      value: 0
      objectReference: {fileID: 0}
    - target: {fileID: 4687750066769133464, guid: bb619332d36b2e54090b6a3f9658e1f8, type: 3}
      propertyPath: m_LocalRotation.y
      value: 0
      objectReference: {fileID: 0}
    - target: {fileID: 4687750066769133464, guid: bb619332d36b2e54090b6a3f9658e1f8, type: 3}
      propertyPath: m_LocalRotation.z
      value: 0
      objectReference: {fileID: 0}
    - target: {fileID: 4687750066769133464, guid: bb619332d36b2e54090b6a3f9658e1f8, type: 3}
      propertyPath: m_LocalEulerAnglesHint.x
      value: 0
      objectReference: {fileID: 0}
    - target: {fileID: 4687750066769133464, guid: bb619332d36b2e54090b6a3f9658e1f8, type: 3}
      propertyPath: m_LocalEulerAnglesHint.y
      value: 0
      objectReference: {fileID: 0}
    - target: {fileID: 4687750066769133464, guid: bb619332d36b2e54090b6a3f9658e1f8, type: 3}
      propertyPath: m_LocalEulerAnglesHint.z
      value: 0
      objectReference: {fileID: 0}
    - target: {fileID: 6772996469215752261, guid: bb619332d36b2e54090b6a3f9658e1f8, type: 3}
      propertyPath: m_Enabled
      value: 0
      objectReference: {fileID: 0}
    m_RemovedComponents: []
    m_RemovedGameObjects: []
    m_AddedGameObjects: []
    m_AddedComponents: []
  m_SourcePrefab: {fileID: 100100000, guid: bb619332d36b2e54090b6a3f9658e1f8, type: 3}
--- !u!212 &1883175231148446128 stripped
SpriteRenderer:
  m_CorrespondingSourceObject: {fileID: 4687750065352021621, guid: bb619332d36b2e54090b6a3f9658e1f8, type: 3}
  m_PrefabInstance: {fileID: 6569725170967496645}
  m_PrefabAsset: {fileID: 0}
--- !u!58 &1883175231148446135 stripped
CircleCollider2D:
  m_CorrespondingSourceObject: {fileID: 4687750065352021618, guid: bb619332d36b2e54090b6a3f9658e1f8, type: 3}
  m_PrefabInstance: {fileID: 6569725170967496645}
  m_PrefabAsset: {fileID: 0}
--- !u!4 &1883175232431437917 stripped
Transform:
  m_CorrespondingSourceObject: {fileID: 4687750066769133464, guid: bb619332d36b2e54090b6a3f9658e1f8, type: 3}
  m_PrefabInstance: {fileID: 6569725170967496645}
  m_PrefabAsset: {fileID: 0}
