%YAML 1.1
%TAG !u! tag:unity3d.com,2011:
--- !u!1 &2577700316645098338
GameObject:
  m_ObjectHideFlags: 0
  m_CorrespondingSourceObject: {fileID: 0}
  m_PrefabInstance: {fileID: 0}
  m_PrefabAsset: {fileID: 0}
  serializedVersion: 6
  m_Component:
  - component: {fileID: 2577700316645098339}
  - component: {fileID: 1197076309916334290}
  m_Layer: 0
  m_Name: Game Manager
  m_TagString: Untagged
  m_Icon: {fileID: 0}
  m_NavMeshLayer: 0
  m_StaticEditorFlags: 0
  m_IsActive: 1
--- !u!4 &2577700316645098339
Transform:
  m_ObjectHideFlags: 0
  m_CorrespondingSourceObject: {fileID: 0}
  m_PrefabInstance: {fileID: 0}
  m_PrefabAsset: {fileID: 0}
  m_GameObject: {fileID: 2577700316645098338}
  m_LocalRotation: {x: 0, y: 0, z: 0, w: 1}
  m_LocalPosition: {x: 0, y: 0, z: 0}
  m_LocalScale: {x: 1, y: 1, z: 1}
  m_ConstrainProportionsScale: 0
  m_Children:
  - {fileID: 3326146509362492943}
  - {fileID: 1843551640408696911}
  - {fileID: 8389691665094401678}
  - {fileID: 2577700316515648474}
  - {fileID: 3899822388487586319}
  - {fileID: 489134335705044167}
  - {fileID: 4401451201584273005}
  m_Father: {fileID: 0}
  m_RootOrder: 0
  m_LocalEulerAnglesHint: {x: 0, y: 0, z: 0}
--- !u!114 &1197076309916334290
MonoBehaviour:
  m_ObjectHideFlags: 0
  m_CorrespondingSourceObject: {fileID: 0}
  m_PrefabInstance: {fileID: 0}
  m_PrefabAsset: {fileID: 0}
  m_GameObject: {fileID: 2577700316645098338}
  m_Enabled: 1
  m_EditorHideFlags: 0
  m_Script: {fileID: 11500000, guid: 64ee96cfd35d97944bfe33b4d39732ad, type: 3}
  m_Name: 
  m_EditorClassIdentifier: 
  handleMultipleInstances: 0
  persistant: 0
  assetsData: []
  temporaryActiveTextNotification:
    go: {fileID: 9085780139246761382}
    duration: 0
    realtime: 0
    text: {fileID: 7715192688020594406}
    durationPerCharacter: 0.15
  menusDict:
    keys: 0000000001000000
    values:
    - {fileID: 0}
    - {fileID: 0}
  switchMenuRate: 1
  firstLevel: {fileID: 0}
  acidMeterTrs: {fileID: 0}
  divideDifficulty: 0.75
  buttonPrefab: {fileID: 5704246349637386710, guid: 005bdb2353431c14689f6d09ca566f0c, type: 3}
--- !u!1 &9085780139246761382
GameObject:
  m_ObjectHideFlags: 0
  m_CorrespondingSourceObject: {fileID: 0}
  m_PrefabInstance: {fileID: 0}
  m_PrefabAsset: {fileID: 0}
  serializedVersion: 6
  m_Component:
  - component: {fileID: 4401451201584273005}
  - component: {fileID: 113410605307615433}
  - component: {fileID: 3376563230383479574}
  - component: {fileID: 8161275700405146811}
  m_Layer: 5
  m_Name: Canvas (Camera)
  m_TagString: Untagged
  m_Icon: {fileID: 0}
  m_NavMeshLayer: 0
  m_StaticEditorFlags: 0
  m_IsActive: 0
--- !u!224 &4401451201584273005
RectTransform:
  m_ObjectHideFlags: 0
  m_CorrespondingSourceObject: {fileID: 0}
  m_PrefabInstance: {fileID: 0}
  m_PrefabAsset: {fileID: 0}
  m_GameObject: {fileID: 9085780139246761382}
  m_LocalRotation: {x: 0, y: 0, z: 0, w: 1}
  m_LocalPosition: {x: 0, y: 0, z: 0}
  m_LocalScale: {x: 0, y: 0, z: 0}
  m_ConstrainProportionsScale: 0
  m_Children:
  - {fileID: 7715192688020594407}
  - {fileID: 459412320826950280}
  m_Father: {fileID: 2577700316645098339}
  m_RootOrder: -1
  m_LocalEulerAnglesHint: {x: 0, y: 0, z: 0}
  m_AnchorMin: {x: 0, y: 0}
  m_AnchorMax: {x: 0, y: 0}
  m_AnchoredPosition: {x: 0, y: 0}
  m_SizeDelta: {x: 0, y: 0}
  m_Pivot: {x: 0, y: 0}
--- !u!223 &113410605307615433
Canvas:
  m_ObjectHideFlags: 0
  m_CorrespondingSourceObject: {fileID: 0}
  m_PrefabInstance: {fileID: 0}
  m_PrefabAsset: {fileID: 0}
  m_GameObject: {fileID: 9085780139246761382}
  m_Enabled: 1
  serializedVersion: 3
  m_RenderMode: 1
  m_Camera: {fileID: 0}
  m_PlaneDistance: 100
  m_PixelPerfect: 0
  m_ReceivesEvents: 1
  m_OverrideSorting: 0
  m_OverridePixelPerfect: 0
  m_SortingBucketNormalizedSize: 0
  m_AdditionalShaderChannelsFlag: 25
  m_UpdateRectTransformForStandalone: 0
  m_SortingLayerID: 677248591
  m_SortingOrder: 0
  m_TargetDisplay: 0
--- !u!114 &3376563230383479574
MonoBehaviour:
  m_ObjectHideFlags: 0
  m_CorrespondingSourceObject: {fileID: 0}
  m_PrefabInstance: {fileID: 0}
  m_PrefabAsset: {fileID: 0}
  m_GameObject: {fileID: 9085780139246761382}
  m_Enabled: 1
  m_EditorHideFlags: 0
  m_Script: {fileID: 11500000, guid: 0cd44c1031e13a943bb63640046fad76, type: 3}
  m_Name: 
  m_EditorClassIdentifier: 
  m_UiScaleMode: 1
  m_ReferencePixelsPerUnit: 100
  m_ScaleFactor: 1
  m_ReferenceResolution: {x: 1200, y: 600}
  m_ScreenMatchMode: 0
  m_MatchWidthOrHeight: 0.5
  m_PhysicalUnit: 3
  m_FallbackScreenDPI: 96
  m_DefaultSpriteDPI: 96
  m_DynamicPixelsPerUnit: 1
  m_PresetInfoIsWorld: 0
--- !u!114 &8161275700405146811
MonoBehaviour:
  m_ObjectHideFlags: 0
  m_CorrespondingSourceObject: {fileID: 0}
  m_PrefabInstance: {fileID: 0}
  m_PrefabAsset: {fileID: 0}
  m_GameObject: {fileID: 9085780139246761382}
  m_Enabled: 1
  m_EditorHideFlags: 0
  m_Script: {fileID: 11500000, guid: dc42784cf147c0c48a680349fa168899, type: 3}
  m_Name: 
  m_EditorClassIdentifier: 
  m_IgnoreReversedGraphics: 1
  m_BlockingObjects: 0
  m_BlockingMask:
    serializedVersion: 2
    m_Bits: 4294967295
--- !u!1001 &3642140853873503115
PrefabInstance:
  m_ObjectHideFlags: 0
  serializedVersion: 2
  m_Modification:
    serializedVersion: 3
    m_TransformParent: {fileID: 2577700316645098339}
    m_Modifications:
    - target: {fileID: 330319696596986244, guid: 93319cf2030684a46b49362590de9c03, type: 3}
      propertyPath: m_RootOrder
      value: 0
      objectReference: {fileID: 0}
    - target: {fileID: 330319696596986244, guid: 93319cf2030684a46b49362590de9c03, type: 3}
      propertyPath: m_LocalPosition.x
      value: 0
      objectReference: {fileID: 0}
    - target: {fileID: 330319696596986244, guid: 93319cf2030684a46b49362590de9c03, type: 3}
      propertyPath: m_LocalPosition.y
      value: 0
      objectReference: {fileID: 0}
    - target: {fileID: 330319696596986244, guid: 93319cf2030684a46b49362590de9c03, type: 3}
      propertyPath: m_LocalPosition.z
      value: 0
      objectReference: {fileID: 0}
    - target: {fileID: 330319696596986244, guid: 93319cf2030684a46b49362590de9c03, type: 3}
      propertyPath: m_LocalRotation.w
      value: 1
      objectReference: {fileID: 0}
    - target: {fileID: 330319696596986244, guid: 93319cf2030684a46b49362590de9c03, type: 3}
      propertyPath: m_LocalRotation.x
      value: 0
      objectReference: {fileID: 0}
    - target: {fileID: 330319696596986244, guid: 93319cf2030684a46b49362590de9c03, type: 3}
      propertyPath: m_LocalRotation.y
      value: 0
      objectReference: {fileID: 0}
    - target: {fileID: 330319696596986244, guid: 93319cf2030684a46b49362590de9c03, type: 3}
      propertyPath: m_LocalRotation.z
      value: 0
      objectReference: {fileID: 0}
    - target: {fileID: 330319696596986244, guid: 93319cf2030684a46b49362590de9c03, type: 3}
      propertyPath: m_LocalEulerAnglesHint.x
      value: 0
      objectReference: {fileID: 0}
    - target: {fileID: 330319696596986244, guid: 93319cf2030684a46b49362590de9c03, type: 3}
      propertyPath: m_LocalEulerAnglesHint.y
      value: 0
      objectReference: {fileID: 0}
    - target: {fileID: 330319696596986244, guid: 93319cf2030684a46b49362590de9c03, type: 3}
      propertyPath: m_LocalEulerAnglesHint.z
      value: 0
      objectReference: {fileID: 0}
    - target: {fileID: 4072799013648957183, guid: 93319cf2030684a46b49362590de9c03, type: 3}
      propertyPath: m_Name
      value: Event Manager
      objectReference: {fileID: 0}
    m_RemovedComponents: []
    m_RemovedGameObjects: []
    m_AddedGameObjects: []
    m_AddedComponents: []
  m_SourcePrefab: {fileID: 100100000, guid: 93319cf2030684a46b49362590de9c03, type: 3}
--- !u!4 &3899822388487586319 stripped
Transform:
  m_CorrespondingSourceObject: {fileID: 330319696596986244, guid: 93319cf2030684a46b49362590de9c03, type: 3}
  m_PrefabInstance: {fileID: 3642140853873503115}
  m_PrefabAsset: {fileID: 0}
--- !u!1001 &4480811995692177787
PrefabInstance:
  m_ObjectHideFlags: 0
  serializedVersion: 2
  m_Modification:
    serializedVersion: 3
    m_TransformParent: {fileID: 2577700316645098339}
    m_Modifications:
    - target: {fileID: 5350600556438833141, guid: 6081d15c60764454886295bbc9ae4948, type: 3}
      propertyPath: m_RootOrder
      value: 1
      objectReference: {fileID: 0}
    - target: {fileID: 5350600556438833141, guid: 6081d15c60764454886295bbc9ae4948, type: 3}
      propertyPath: m_LocalPosition.x
      value: 0
      objectReference: {fileID: 0}
    - target: {fileID: 5350600556438833141, guid: 6081d15c60764454886295bbc9ae4948, type: 3}
      propertyPath: m_LocalPosition.y
      value: 0
      objectReference: {fileID: 0}
    - target: {fileID: 5350600556438833141, guid: 6081d15c60764454886295bbc9ae4948, type: 3}
      propertyPath: m_LocalPosition.z
      value: 0
      objectReference: {fileID: 0}
    - target: {fileID: 5350600556438833141, guid: 6081d15c60764454886295bbc9ae4948, type: 3}
      propertyPath: m_LocalRotation.w
      value: 1
      objectReference: {fileID: 0}
    - target: {fileID: 5350600556438833141, guid: 6081d15c60764454886295bbc9ae4948, type: 3}
      propertyPath: m_LocalRotation.x
      value: -0
      objectReference: {fileID: 0}
    - target: {fileID: 5350600556438833141, guid: 6081d15c60764454886295bbc9ae4948, type: 3}
      propertyPath: m_LocalRotation.y
      value: -0
      objectReference: {fileID: 0}
    - target: {fileID: 5350600556438833141, guid: 6081d15c60764454886295bbc9ae4948, type: 3}
      propertyPath: m_LocalRotation.z
      value: -0
      objectReference: {fileID: 0}
    - target: {fileID: 5350600556438833141, guid: 6081d15c60764454886295bbc9ae4948, type: 3}
      propertyPath: m_LocalEulerAnglesHint.x
      value: 0
      objectReference: {fileID: 0}
    - target: {fileID: 5350600556438833141, guid: 6081d15c60764454886295bbc9ae4948, type: 3}
      propertyPath: m_LocalEulerAnglesHint.y
      value: 0
      objectReference: {fileID: 0}
    - target: {fileID: 5350600556438833141, guid: 6081d15c60764454886295bbc9ae4948, type: 3}
      propertyPath: m_LocalEulerAnglesHint.z
      value: 0
      objectReference: {fileID: 0}
    - target: {fileID: 7960405862464817397, guid: 6081d15c60764454886295bbc9ae4948, type: 3}
      propertyPath: m_Name
      value: Scene Manager
      objectReference: {fileID: 0}
    m_RemovedComponents: []
    m_RemovedGameObjects: []
    m_AddedGameObjects: []
    m_AddedComponents: []
  m_SourcePrefab: {fileID: 100100000, guid: 6081d15c60764454886295bbc9ae4948, type: 3}
--- !u!4 &8389691665094401678 stripped
Transform:
  m_CorrespondingSourceObject: {fileID: 5350600556438833141, guid: 6081d15c60764454886295bbc9ae4948, type: 3}
  m_PrefabInstance: {fileID: 4480811995692177787}
  m_PrefabAsset: {fileID: 0}
--- !u!1001 &4807860570307486297
PrefabInstance:
  m_ObjectHideFlags: 0
  serializedVersion: 2
  m_Modification:
    serializedVersion: 3
    m_TransformParent: {fileID: 2577700316645098339}
    m_Modifications:
    - target: {fileID: 7024814359945355651, guid: 713490c6a45904548947225b86ec38e9, type: 3}
      propertyPath: m_RootOrder
      value: 0
      objectReference: {fileID: 0}
    - target: {fileID: 7024814359945355651, guid: 713490c6a45904548947225b86ec38e9, type: 3}
      propertyPath: m_LocalPosition.x
      value: 0
      objectReference: {fileID: 0}
    - target: {fileID: 7024814359945355651, guid: 713490c6a45904548947225b86ec38e9, type: 3}
      propertyPath: m_LocalPosition.y
      value: 0
      objectReference: {fileID: 0}
    - target: {fileID: 7024814359945355651, guid: 713490c6a45904548947225b86ec38e9, type: 3}
      propertyPath: m_LocalPosition.z
      value: 0
      objectReference: {fileID: 0}
    - target: {fileID: 7024814359945355651, guid: 713490c6a45904548947225b86ec38e9, type: 3}
      propertyPath: m_LocalRotation.w
      value: 1
      objectReference: {fileID: 0}
    - target: {fileID: 7024814359945355651, guid: 713490c6a45904548947225b86ec38e9, type: 3}
      propertyPath: m_LocalRotation.x
      value: -0
      objectReference: {fileID: 0}
    - target: {fileID: 7024814359945355651, guid: 713490c6a45904548947225b86ec38e9, type: 3}
      propertyPath: m_LocalRotation.y
      value: -0
      objectReference: {fileID: 0}
    - target: {fileID: 7024814359945355651, guid: 713490c6a45904548947225b86ec38e9, type: 3}
      propertyPath: m_LocalRotation.z
      value: -0
      objectReference: {fileID: 0}
    - target: {fileID: 7024814359945355651, guid: 713490c6a45904548947225b86ec38e9, type: 3}
      propertyPath: m_LocalEulerAnglesHint.x
      value: 0
      objectReference: {fileID: 0}
    - target: {fileID: 7024814359945355651, guid: 713490c6a45904548947225b86ec38e9, type: 3}
      propertyPath: m_LocalEulerAnglesHint.y
      value: 0
      objectReference: {fileID: 0}
    - target: {fileID: 7024814359945355651, guid: 713490c6a45904548947225b86ec38e9, type: 3}
      propertyPath: m_LocalEulerAnglesHint.z
      value: 0
      objectReference: {fileID: 0}
    - target: {fileID: 7024814359945355660, guid: 713490c6a45904548947225b86ec38e9, type: 3}
      propertyPath: m_Name
      value: Input Manager
      objectReference: {fileID: 0}
    m_RemovedComponents: []
    m_RemovedGameObjects: []
    m_AddedGameObjects: []
    m_AddedComponents: []
  m_SourcePrefab: {fileID: 100100000, guid: 713490c6a45904548947225b86ec38e9, type: 3}
--- !u!4 &2577700316515648474 stripped
Transform:
  m_CorrespondingSourceObject: {fileID: 7024814359945355651, guid: 713490c6a45904548947225b86ec38e9, type: 3}
  m_PrefabInstance: {fileID: 4807860570307486297}
  m_PrefabAsset: {fileID: 0}
--- !u!1001 &5280933214706238303
PrefabInstance:
  m_ObjectHideFlags: 0
  serializedVersion: 2
  m_Modification:
    serializedVersion: 3
    m_TransformParent: {fileID: 4401451201584273005}
    m_Modifications:
    - target: {fileID: 5704246349637386710, guid: 005bdb2353431c14689f6d09ca566f0c, type: 3}
      propertyPath: m_OnClick.m_PersistentCalls.m_Calls.Array.size
      value: 1
      objectReference: {fileID: 0}
    - target: {fileID: 5704246349637386710, guid: 005bdb2353431c14689f6d09ca566f0c, type: 3}
      propertyPath: m_OnClick.m_PersistentCalls.m_Calls.Array.data[0].m_Mode
      value: 6
      objectReference: {fileID: 0}
    - target: {fileID: 5704246349637386710, guid: 005bdb2353431c14689f6d09ca566f0c, type: 3}
      propertyPath: m_OnClick.m_PersistentCalls.m_Calls.Array.data[0].m_Target
      value: 
      objectReference: {fileID: 9085780139246761382}
    - target: {fileID: 5704246349637386710, guid: 005bdb2353431c14689f6d09ca566f0c, type: 3}
      propertyPath: m_OnClick.m_PersistentCalls.m_Calls.Array.data[0].m_CallState
      value: 2
      objectReference: {fileID: 0}
    - target: {fileID: 5704246349637386710, guid: 005bdb2353431c14689f6d09ca566f0c, type: 3}
      propertyPath: m_OnClick.m_PersistentCalls.m_Calls.Array.data[0].m_MethodName
      value: SetActive
      objectReference: {fileID: 0}
    - target: {fileID: 5704246349637386710, guid: 005bdb2353431c14689f6d09ca566f0c, type: 3}
      propertyPath: m_OnClick.m_PersistentCalls.m_Calls.Array.data[0].m_TargetAssemblyTypeName
      value: UnityEngine.GameObject, UnityEngine
      objectReference: {fileID: 0}
    - target: {fileID: 5704246349637386710, guid: 005bdb2353431c14689f6d09ca566f0c, type: 3}
      propertyPath: m_OnClick.m_PersistentCalls.m_Calls.Array.data[0].m_Arguments.m_ObjectArgumentAssemblyTypeName
      value: UnityEngine.Object, UnityEngine
      objectReference: {fileID: 0}
    - target: {fileID: 5704246349637386711, guid: 005bdb2353431c14689f6d09ca566f0c, type: 3}
      propertyPath: m_Pivot.x
      value: 0.5
      objectReference: {fileID: 0}
    - target: {fileID: 5704246349637386711, guid: 005bdb2353431c14689f6d09ca566f0c, type: 3}
      propertyPath: m_Pivot.y
      value: 0.5
      objectReference: {fileID: 0}
    - target: {fileID: 5704246349637386711, guid: 005bdb2353431c14689f6d09ca566f0c, type: 3}
      propertyPath: m_RootOrder
      value: -1
      objectReference: {fileID: 0}
    - target: {fileID: 5704246349637386711, guid: 005bdb2353431c14689f6d09ca566f0c, type: 3}
      propertyPath: m_AnchorMax.x
      value: 0.5
      objectReference: {fileID: 0}
    - target: {fileID: 5704246349637386711, guid: 005bdb2353431c14689f6d09ca566f0c, type: 3}
      propertyPath: m_AnchorMax.y
      value: 0.5
      objectReference: {fileID: 0}
    - target: {fileID: 5704246349637386711, guid: 005bdb2353431c14689f6d09ca566f0c, type: 3}
      propertyPath: m_AnchorMin.x
      value: 0.5
      objectReference: {fileID: 0}
    - target: {fileID: 5704246349637386711, guid: 005bdb2353431c14689f6d09ca566f0c, type: 3}
      propertyPath: m_AnchorMin.y
      value: 0.5
      objectReference: {fileID: 0}
    - target: {fileID: 5704246349637386711, guid: 005bdb2353431c14689f6d09ca566f0c, type: 3}
      propertyPath: m_SizeDelta.x
      value: 100
      objectReference: {fileID: 0}
    - target: {fileID: 5704246349637386711, guid: 005bdb2353431c14689f6d09ca566f0c, type: 3}
      propertyPath: m_SizeDelta.y
      value: 100
      objectReference: {fileID: 0}
    - target: {fileID: 5704246349637386711, guid: 005bdb2353431c14689f6d09ca566f0c, type: 3}
      propertyPath: m_LocalPosition.x
      value: 0
      objectReference: {fileID: 0}
    - target: {fileID: 5704246349637386711, guid: 005bdb2353431c14689f6d09ca566f0c, type: 3}
      propertyPath: m_LocalPosition.y
      value: 0
      objectReference: {fileID: 0}
    - target: {fileID: 5704246349637386711, guid: 005bdb2353431c14689f6d09ca566f0c, type: 3}
      propertyPath: m_LocalPosition.z
      value: 0
      objectReference: {fileID: 0}
    - target: {fileID: 5704246349637386711, guid: 005bdb2353431c14689f6d09ca566f0c, type: 3}
      propertyPath: m_LocalRotation.w
      value: 1
      objectReference: {fileID: 0}
    - target: {fileID: 5704246349637386711, guid: 005bdb2353431c14689f6d09ca566f0c, type: 3}
      propertyPath: m_LocalRotation.x
      value: 0
      objectReference: {fileID: 0}
    - target: {fileID: 5704246349637386711, guid: 005bdb2353431c14689f6d09ca566f0c, type: 3}
      propertyPath: m_LocalRotation.y
      value: 0
      objectReference: {fileID: 0}
    - target: {fileID: 5704246349637386711, guid: 005bdb2353431c14689f6d09ca566f0c, type: 3}
      propertyPath: m_LocalRotation.z
      value: 0
      objectReference: {fileID: 0}
    - target: {fileID: 5704246349637386711, guid: 005bdb2353431c14689f6d09ca566f0c, type: 3}
      propertyPath: m_AnchoredPosition.x
      value: -310
      objectReference: {fileID: 0}
    - target: {fileID: 5704246349637386711, guid: 005bdb2353431c14689f6d09ca566f0c, type: 3}
      propertyPath: m_AnchoredPosition.y
      value: 110
      objectReference: {fileID: 0}
    - target: {fileID: 5704246349637386711, guid: 005bdb2353431c14689f6d09ca566f0c, type: 3}
      propertyPath: m_LocalEulerAnglesHint.x
      value: 0
      objectReference: {fileID: 0}
    - target: {fileID: 5704246349637386711, guid: 005bdb2353431c14689f6d09ca566f0c, type: 3}
      propertyPath: m_LocalEulerAnglesHint.y
      value: 0
      objectReference: {fileID: 0}
    - target: {fileID: 5704246349637386711, guid: 005bdb2353431c14689f6d09ca566f0c, type: 3}
      propertyPath: m_LocalEulerAnglesHint.z
      value: 0
      objectReference: {fileID: 0}
    - target: {fileID: 5704246349637386712, guid: 005bdb2353431c14689f6d09ca566f0c, type: 3}
      propertyPath: m_Name
      value: Close Button
      objectReference: {fileID: 0}
    - target: {fileID: 8153831078181133261, guid: 005bdb2353431c14689f6d09ca566f0c, type: 3}
      propertyPath: m_Name
      value: Close Button Text
      objectReference: {fileID: 0}
    - target: {fileID: 8153831078181133263, guid: 005bdb2353431c14689f6d09ca566f0c, type: 3}
      propertyPath: text
      value: X
      objectReference: {fileID: 0}
    m_RemovedComponents: []
    m_RemovedGameObjects: []
    m_AddedGameObjects: []
    m_AddedComponents: []
  m_SourcePrefab: {fileID: 100100000, guid: 005bdb2353431c14689f6d09ca566f0c, type: 3}
--- !u!224 &459412320826950280 stripped
RectTransform:
  m_CorrespondingSourceObject: {fileID: 5704246349637386711, guid: 005bdb2353431c14689f6d09ca566f0c, type: 3}
  m_PrefabInstance: {fileID: 5280933214706238303}
  m_PrefabAsset: {fileID: 0}
--- !u!1001 &5510957041624127758
PrefabInstance:
  m_ObjectHideFlags: 0
  serializedVersion: 2
  m_Modification:
    serializedVersion: 3
    m_TransformParent: {fileID: 2577700316645098339}
    m_Modifications:
    - target: {fileID: 6792263350658300026, guid: cb81c07489b258b498379f28c3bb1e87, type: 3}
      propertyPath: m_Name
      value: Build Manager
      objectReference: {fileID: 0}
    - target: {fileID: 7084728030949895937, guid: cb81c07489b258b498379f28c3bb1e87, type: 3}
      propertyPath: m_RootOrder
      value: 0
      objectReference: {fileID: 0}
    - target: {fileID: 7084728030949895937, guid: cb81c07489b258b498379f28c3bb1e87, type: 3}
      propertyPath: m_LocalPosition.x
      value: 0
      objectReference: {fileID: 0}
    - target: {fileID: 7084728030949895937, guid: cb81c07489b258b498379f28c3bb1e87, type: 3}
      propertyPath: m_LocalPosition.y
      value: 0
      objectReference: {fileID: 0}
    - target: {fileID: 7084728030949895937, guid: cb81c07489b258b498379f28c3bb1e87, type: 3}
      propertyPath: m_LocalPosition.z
      value: 0
      objectReference: {fileID: 0}
    - target: {fileID: 7084728030949895937, guid: cb81c07489b258b498379f28c3bb1e87, type: 3}
      propertyPath: m_LocalRotation.w
      value: 1
      objectReference: {fileID: 0}
    - target: {fileID: 7084728030949895937, guid: cb81c07489b258b498379f28c3bb1e87, type: 3}
      propertyPath: m_LocalRotation.x
      value: 0
      objectReference: {fileID: 0}
    - target: {fileID: 7084728030949895937, guid: cb81c07489b258b498379f28c3bb1e87, type: 3}
      propertyPath: m_LocalRotation.y
      value: 0
      objectReference: {fileID: 0}
    - target: {fileID: 7084728030949895937, guid: cb81c07489b258b498379f28c3bb1e87, type: 3}
      propertyPath: m_LocalRotation.z
      value: 0
      objectReference: {fileID: 0}
    - target: {fileID: 7084728030949895937, guid: cb81c07489b258b498379f28c3bb1e87, type: 3}
      propertyPath: m_LocalEulerAnglesHint.x
      value: 0
      objectReference: {fileID: 0}
    - target: {fileID: 7084728030949895937, guid: cb81c07489b258b498379f28c3bb1e87, type: 3}
      propertyPath: m_LocalEulerAnglesHint.y
      value: 0
      objectReference: {fileID: 0}
    - target: {fileID: 7084728030949895937, guid: cb81c07489b258b498379f28c3bb1e87, type: 3}
      propertyPath: m_LocalEulerAnglesHint.z
      value: 0
      objectReference: {fileID: 0}
    m_RemovedComponents: []
    m_RemovedGameObjects: []
    m_AddedGameObjects: []
    m_AddedComponents: []
  m_SourcePrefab: {fileID: 100100000, guid: cb81c07489b258b498379f28c3bb1e87, type: 3}
--- !u!4 &3326146509362492943 stripped
Transform:
  m_CorrespondingSourceObject: {fileID: 7084728030949895937, guid: cb81c07489b258b498379f28c3bb1e87, type: 3}
  m_PrefabInstance: {fileID: 5510957041624127758}
  m_PrefabAsset: {fileID: 0}
--- !u!1001 &5514912612622406450
PrefabInstance:
  m_ObjectHideFlags: 0
  serializedVersion: 2
  m_Modification:
    serializedVersion: 3
    m_TransformParent: {fileID: 2577700316645098339}
    m_Modifications:
    - target: {fileID: 5350600556438833141, guid: b6870e7c28dd0ea48a5de787d3124d8b, type: 3}
      propertyPath: m_RootOrder
      value: 5
      objectReference: {fileID: 0}
    - target: {fileID: 5350600556438833141, guid: b6870e7c28dd0ea48a5de787d3124d8b, type: 3}
      propertyPath: m_LocalPosition.x
      value: 0
      objectReference: {fileID: 0}
    - target: {fileID: 5350600556438833141, guid: b6870e7c28dd0ea48a5de787d3124d8b, type: 3}
      propertyPath: m_LocalPosition.y
      value: 0
      objectReference: {fileID: 0}
    - target: {fileID: 5350600556438833141, guid: b6870e7c28dd0ea48a5de787d3124d8b, type: 3}
      propertyPath: m_LocalPosition.z
      value: 0
      objectReference: {fileID: 0}
    - target: {fileID: 5350600556438833141, guid: b6870e7c28dd0ea48a5de787d3124d8b, type: 3}
      propertyPath: m_LocalRotation.w
      value: 1
      objectReference: {fileID: 0}
    - target: {fileID: 5350600556438833141, guid: b6870e7c28dd0ea48a5de787d3124d8b, type: 3}
      propertyPath: m_LocalRotation.x
      value: -0
      objectReference: {fileID: 0}
    - target: {fileID: 5350600556438833141, guid: b6870e7c28dd0ea48a5de787d3124d8b, type: 3}
      propertyPath: m_LocalRotation.y
      value: -0
      objectReference: {fileID: 0}
    - target: {fileID: 5350600556438833141, guid: b6870e7c28dd0ea48a5de787d3124d8b, type: 3}
      propertyPath: m_LocalRotation.z
      value: -0
      objectReference: {fileID: 0}
    - target: {fileID: 5350600556438833141, guid: b6870e7c28dd0ea48a5de787d3124d8b, type: 3}
      propertyPath: m_LocalEulerAnglesHint.x
      value: 0
      objectReference: {fileID: 0}
    - target: {fileID: 5350600556438833141, guid: b6870e7c28dd0ea48a5de787d3124d8b, type: 3}
      propertyPath: m_LocalEulerAnglesHint.y
      value: 0
      objectReference: {fileID: 0}
    - target: {fileID: 5350600556438833141, guid: b6870e7c28dd0ea48a5de787d3124d8b, type: 3}
      propertyPath: m_LocalEulerAnglesHint.z
      value: 0
      objectReference: {fileID: 0}
    - target: {fileID: 7960405862464817397, guid: b6870e7c28dd0ea48a5de787d3124d8b, type: 3}
      propertyPath: m_Name
      value: Network Manager
      objectReference: {fileID: 0}
    m_RemovedComponents: []
    m_RemovedGameObjects: []
    m_AddedGameObjects: []
    m_AddedComponents: []
  m_SourcePrefab: {fileID: 100100000, guid: b6870e7c28dd0ea48a5de787d3124d8b, type: 3}
--- !u!4 &489134335705044167 stripped
Transform:
  m_CorrespondingSourceObject: {fileID: 5350600556438833141, guid: b6870e7c28dd0ea48a5de787d3124d8b, type: 3}
  m_PrefabInstance: {fileID: 5514912612622406450}
  m_PrefabAsset: {fileID: 0}
--- !u!1001 &6040658232910639034
PrefabInstance:
  m_ObjectHideFlags: 0
  serializedVersion: 2
  m_Modification:
    serializedVersion: 3
    m_TransformParent: {fileID: 2577700316645098339}
    m_Modifications:
    - target: {fileID: 5350600556438833141, guid: ea5ae8facfed4a94480ddfb1b98cddfc, type: 3}
      propertyPath: m_RootOrder
      value: 0
      objectReference: {fileID: 0}
    - target: {fileID: 5350600556438833141, guid: ea5ae8facfed4a94480ddfb1b98cddfc, type: 3}
      propertyPath: m_LocalPosition.x
      value: 0
      objectReference: {fileID: 0}
    - target: {fileID: 5350600556438833141, guid: ea5ae8facfed4a94480ddfb1b98cddfc, type: 3}
      propertyPath: m_LocalPosition.y
      value: 0
      objectReference: {fileID: 0}
    - target: {fileID: 5350600556438833141, guid: ea5ae8facfed4a94480ddfb1b98cddfc, type: 3}
      propertyPath: m_LocalPosition.z
      value: 0
      objectReference: {fileID: 0}
    - target: {fileID: 5350600556438833141, guid: ea5ae8facfed4a94480ddfb1b98cddfc, type: 3}
      propertyPath: m_LocalRotation.w
      value: 1
      objectReference: {fileID: 0}
    - target: {fileID: 5350600556438833141, guid: ea5ae8facfed4a94480ddfb1b98cddfc, type: 3}
      propertyPath: m_LocalRotation.x
      value: -0
      objectReference: {fileID: 0}
    - target: {fileID: 5350600556438833141, guid: ea5ae8facfed4a94480ddfb1b98cddfc, type: 3}
      propertyPath: m_LocalRotation.y
      value: -0
      objectReference: {fileID: 0}
    - target: {fileID: 5350600556438833141, guid: ea5ae8facfed4a94480ddfb1b98cddfc, type: 3}
      propertyPath: m_LocalRotation.z
      value: -0
      objectReference: {fileID: 0}
    - target: {fileID: 5350600556438833141, guid: ea5ae8facfed4a94480ddfb1b98cddfc, type: 3}
      propertyPath: m_LocalEulerAnglesHint.x
      value: 0
      objectReference: {fileID: 0}
    - target: {fileID: 5350600556438833141, guid: ea5ae8facfed4a94480ddfb1b98cddfc, type: 3}
      propertyPath: m_LocalEulerAnglesHint.y
      value: 0
      objectReference: {fileID: 0}
    - target: {fileID: 5350600556438833141, guid: ea5ae8facfed4a94480ddfb1b98cddfc, type: 3}
      propertyPath: m_LocalEulerAnglesHint.z
      value: 0
      objectReference: {fileID: 0}
    - target: {fileID: 7960405862464817397, guid: ea5ae8facfed4a94480ddfb1b98cddfc, type: 3}
      propertyPath: m_Name
      value: Save And Load Manager
      objectReference: {fileID: 0}
    m_RemovedComponents: []
    m_RemovedGameObjects: []
    m_AddedGameObjects: []
    m_AddedComponents: []
  m_SourcePrefab: {fileID: 100100000, guid: ea5ae8facfed4a94480ddfb1b98cddfc, type: 3}
--- !u!4 &1843551640408696911 stripped
Transform:
  m_CorrespondingSourceObject: {fileID: 5350600556438833141, guid: ea5ae8facfed4a94480ddfb1b98cddfc, type: 3}
  m_PrefabInstance: {fileID: 6040658232910639034}
  m_PrefabAsset: {fileID: 0}
--- !u!1001 &6129514679038335633
PrefabInstance:
  m_ObjectHideFlags: 0
  serializedVersion: 2
  m_Modification:
    serializedVersion: 3
    m_TransformParent: {fileID: 4401451201584273005}
    m_Modifications:
    - target: {fileID: 4468054613164541045, guid: 5276304f0ba5d034a88ef07b2ba14673, type: 3}
      propertyPath: m_Name
      value: Notification Text
      objectReference: {fileID: 0}
    - target: {fileID: 4468054613164541046, guid: 5276304f0ba5d034a88ef07b2ba14673, type: 3}
      propertyPath: m_Pivot.x
      value: 0.5
      objectReference: {fileID: 0}
    - target: {fileID: 4468054613164541046, guid: 5276304f0ba5d034a88ef07b2ba14673, type: 3}
      propertyPath: m_Pivot.y
      value: 0.5
      objectReference: {fileID: 0}
    - target: {fileID: 4468054613164541046, guid: 5276304f0ba5d034a88ef07b2ba14673, type: 3}
      propertyPath: m_RootOrder
      value: -1
      objectReference: {fileID: 0}
    - target: {fileID: 4468054613164541046, guid: 5276304f0ba5d034a88ef07b2ba14673, type: 3}
      propertyPath: m_AnchorMax.x
      value: 0.5
      objectReference: {fileID: 0}
    - target: {fileID: 4468054613164541046, guid: 5276304f0ba5d034a88ef07b2ba14673, type: 3}
      propertyPath: m_AnchorMax.y
      value: 0.5
      objectReference: {fileID: 0}
    - target: {fileID: 4468054613164541046, guid: 5276304f0ba5d034a88ef07b2ba14673, type: 3}
      propertyPath: m_AnchorMin.x
      value: 0.5
      objectReference: {fileID: 0}
    - target: {fileID: 4468054613164541046, guid: 5276304f0ba5d034a88ef07b2ba14673, type: 3}
      propertyPath: m_AnchorMin.y
      value: 0.5
      objectReference: {fileID: 0}
    - target: {fileID: 4468054613164541046, guid: 5276304f0ba5d034a88ef07b2ba14673, type: 3}
      propertyPath: m_SizeDelta.x
      value: 500
      objectReference: {fileID: 0}
    - target: {fileID: 4468054613164541046, guid: 5276304f0ba5d034a88ef07b2ba14673, type: 3}
      propertyPath: m_SizeDelta.y
      value: 100
      objectReference: {fileID: 0}
    - target: {fileID: 4468054613164541046, guid: 5276304f0ba5d034a88ef07b2ba14673, type: 3}
      propertyPath: m_LocalPosition.x
      value: 0
      objectReference: {fileID: 0}
    - target: {fileID: 4468054613164541046, guid: 5276304f0ba5d034a88ef07b2ba14673, type: 3}
      propertyPath: m_LocalPosition.y
      value: 0
      objectReference: {fileID: 0}
    - target: {fileID: 4468054613164541046, guid: 5276304f0ba5d034a88ef07b2ba14673, type: 3}
      propertyPath: m_LocalPosition.z
      value: 0
      objectReference: {fileID: 0}
    - target: {fileID: 4468054613164541046, guid: 5276304f0ba5d034a88ef07b2ba14673, type: 3}
      propertyPath: m_LocalRotation.w
      value: 1
      objectReference: {fileID: 0}
    - target: {fileID: 4468054613164541046, guid: 5276304f0ba5d034a88ef07b2ba14673, type: 3}
      propertyPath: m_LocalRotation.x
      value: -0
      objectReference: {fileID: 0}
    - target: {fileID: 4468054613164541046, guid: 5276304f0ba5d034a88ef07b2ba14673, type: 3}
      propertyPath: m_LocalRotation.y
      value: -0
      objectReference: {fileID: 0}
    - target: {fileID: 4468054613164541046, guid: 5276304f0ba5d034a88ef07b2ba14673, type: 3}
      propertyPath: m_LocalRotation.z
      value: -0
      objectReference: {fileID: 0}
    - target: {fileID: 4468054613164541046, guid: 5276304f0ba5d034a88ef07b2ba14673, type: 3}
      propertyPath: m_AnchoredPosition.x
      value: 0
      objectReference: {fileID: 0}
    - target: {fileID: 4468054613164541046, guid: 5276304f0ba5d034a88ef07b2ba14673, type: 3}
      propertyPath: m_AnchoredPosition.y
      value: 0
      objectReference: {fileID: 0}
    - target: {fileID: 4468054613164541046, guid: 5276304f0ba5d034a88ef07b2ba14673, type: 3}
      propertyPath: m_LocalEulerAnglesHint.x
      value: 0
      objectReference: {fileID: 0}
    - target: {fileID: 4468054613164541046, guid: 5276304f0ba5d034a88ef07b2ba14673, type: 3}
      propertyPath: m_LocalEulerAnglesHint.y
      value: 0
      objectReference: {fileID: 0}
    - target: {fileID: 4468054613164541046, guid: 5276304f0ba5d034a88ef07b2ba14673, type: 3}
      propertyPath: m_LocalEulerAnglesHint.z
      value: 0
      objectReference: {fileID: 0}
    - target: {fileID: 4468054613164541047, guid: 5276304f0ba5d034a88ef07b2ba14673, type: 3}
      propertyPath: alignmentOptions
      value: 514
      objectReference: {fileID: 0}
    - target: {fileID: 7582882518708428215, guid: 5276304f0ba5d034a88ef07b2ba14673, type: 3}
      propertyPath: m_Materials.Array.data[0]
      value: 
      objectReference: {fileID: 2100000, guid: db436047487b67a41aae765501435fa5, type: 2}
    m_RemovedComponents: []
    m_RemovedGameObjects: []
    m_AddedGameObjects: []
    m_AddedComponents: []
  m_SourcePrefab: {fileID: 100100000, guid: 5276304f0ba5d034a88ef07b2ba14673, type: 3}
--- !u!114 &7715192688020594406 stripped
MonoBehaviour:
  m_CorrespondingSourceObject: {fileID: 4468054613164541047, guid: 5276304f0ba5d034a88ef07b2ba14673, type: 3}
  m_PrefabInstance: {fileID: 6129514679038335633}
  m_PrefabAsset: {fileID: 0}
  m_GameObject: {fileID: 0}
  m_Enabled: 1
  m_EditorHideFlags: 0
  m_Script: {fileID: 11500000, guid: 3e3b52f9bd609d34b83ea37f1cea3f67, type: 3}
  m_Name: 
  m_EditorClassIdentifier: 
--- !u!224 &7715192688020594407 stripped
RectTransform:
  m_CorrespondingSourceObject: {fileID: 4468054613164541046, guid: 5276304f0ba5d034a88ef07b2ba14673, type: 3}
  m_PrefabInstance: {fileID: 6129514679038335633}
  m_PrefabAsset: {fileID: 0}
